@ARTICLE{2023A&A...677A..86L,
       author = {{Latour}, M. and {H{\"a}mmerich}, S. and {Dorsch}, M. and {Heber}, U. and {Husser}, T. -O. and {Kamman}, S. and {Dreizler}, S. and {Brinchmann}, J.},
        title = "{SHOTGLAS. II. MUSE spectroscopy of blue horizontal branch stars in the core of {\ensuremath{\omega}} Centauri and NGC6752}",
      journal = {\aap},
     keywords = {stars: fundamental parameters, stars: horizontal-branch, globular clusters: individual: NGC 5139, globular clusters: individual: NGC 6752, Astrophysics - Solar and Stellar Astrophysics, Astrophysics - Astrophysics of Galaxies},
         year = 2023,
        month = sep,
       volume = {677},
          eid = {A86},
        pages = {A86},
          doi = {10.1051/0004-6361/202346597},
archivePrefix = {arXiv},
       eprint = {2306.14549},
 primaryClass = {astro-ph.SR},
       adsurl = {https://ui.adsabs.harvard.edu/abs/2023A&A...677A..86L},
      adsnote = {Provided by the SAO/NASA Astrophysics Data System}
}
@INPROCEEDINGS{2010SPIE.7735E..08B,
       author = {{Bacon}, R. and {Accardo}, M. and {Adjali}, L. and {Anwand}, H. and {Bauer}, S. and {Biswas}, I. and {Blaizot}, J. and {Boudon}, D. and {Brau-Nogue}, S. and {Brinchmann}, J. and {Caillier}, P. and {Capoani}, L. and {Carollo}, C.~M. and {Contini}, T. and {Couderc}, P. and {Daguis{\'e}}, E. and {Deiries}, S. and {Delabre}, B. and {Dreizler}, S. and {Dubois}, J. and {Dupieux}, M. and {Dupuy}, C. and {Emsellem}, E. and {Fechner}, T. and {Fleischmann}, A. and {Fran{\c{c}}ois}, M. and {Gallou}, G. and {Gharsa}, T. and {Glindemann}, A. and {Gojak}, D. and {Guiderdoni}, B. and {Hansali}, G. and {Hahn}, T. and {Jarno}, A. and {Kelz}, A. and {Koehler}, C. and {Kosmalski}, J. and {Laurent}, F. and {Le Floch}, M. and {Lilly}, S.~J. and {Lizon}, J. -L. and {Loupias}, M. and {Manescau}, A. and {Monstein}, C. and {Nicklas}, H. and {Olaya}, J. -C. and {Pares}, L. and {Pasquini}, L. and {P{\'e}contal-Rousset}, A. and {Pell{\'o}}, R. and {Petit}, C. and {Popow}, E. and {Reiss}, R. and {Remillieux}, A. and {Renault}, E. and {Roth}, M. and {Rupprecht}, G. and {Serre}, D. and {Schaye}, J. and {Soucail}, G. and {Steinmetz}, M. and {Streicher}, O. and {Stuik}, R. and {Valentin},, H. and {Vernet}, J. and {Weilbacher}, P. and {Wisotzki}, L. and {Yerle}, N.},
        title = "{The MUSE second-generation VLT instrument}",
     keywords = {Astrophysics - Instrumentation and Methods for Astrophysics},
    booktitle = {Ground-based and Airborne Instrumentation for Astronomy III},
         year = 2010,
       editor = {{McLean}, Ian S. and {Ramsay}, Suzanne K. and {Takami}, Hideki},
       series = {Society of Photo-Optical Instrumentation Engineers (SPIE) Conference Series},
       volume = {7735},
        month = jul,
          eid = {773508},
        pages = {773508},
          doi = {10.1117/12.856027},
archivePrefix = {arXiv},
       eprint = {2211.16795},
 primaryClass = {astro-ph.IM},
       adsurl = {https://ui.adsabs.harvard.edu/abs/2010SPIE.7735E..08B},
      adsnote = {Provided by the SAO/NASA Astrophysics Data System}
}
@ARTICLE{2013ApJ...767..120M,
       author = {{Milone}, A.~P. and {Marino}, A.~F. and {Piotto}, G. and {Bedin}, L.~R. and {Anderson}, J. and {Aparicio}, A. and {Bellini}, A. and {Cassisi}, S. and {D'Antona}, F. and {Grundahl}, F. and {Monelli}, M. and {Yong}, D.},
        title = "{A WFC3/HST View of the Three Stellar Populations in the Globular Cluster NGC 6752}",
      journal = {\apj},
     keywords = {globular clusters: individual: NGC 6752, stars: Population II, Astrophysics - Solar and Stellar Astrophysics, Astrophysics - Astrophysics of Galaxies},
         year = 2013,
        month = apr,
       volume = {767},
       number = {2},
          eid = {120},
        pages = {120},
          doi = {10.1088/0004-637X/767/2/120},
archivePrefix = {arXiv},
       eprint = {1301.7044},
 primaryClass = {astro-ph.SR},
       adsurl = {https://ui.adsabs.harvard.edu/abs/2013ApJ...767..120M},
      adsnote = {Provided by the SAO/NASA Astrophysics Data System}
}
@ARTICLE{1999ApJ...524..242G,
       author = {{Grundahl}, F. and {Catelan}, M. and {Landsman}, W.~B. and {Stetson}, P.~B. and {Andersen}, M.~I.},
        title = "{Hot Horizontal-Branch Stars: The Ubiquitous Nature of the ``Jump'' in Str{\"o}mgren u, Low Gravities, and the Role of Radiative Levitation of Metals}",
      journal = {\apj},
     keywords = {DIFFUSION, STARS: ABUNDANCES, STARS: ATMOSPHERES, STARS: EVOLUTION, STARS: HORIZONTAL-BRANCH, STARS: POPULATION II, Diffusion, Stars: Abundances, Stars: Atmospheres, Stars: Evolution, Stars: Horizontal-Branch, Stars: Population II, Astrophysics},
         year = 1999,
        month = oct,
       volume = {524},
       number = {1},
        pages = {242-261},
          doi = {10.1086/307807},
archivePrefix = {arXiv},
       eprint = {astro-ph/9903120},
 primaryClass = {astro-ph},
       adsurl = {https://ui.adsabs.harvard.edu/abs/1999ApJ...524..242G},
      adsnote = {Provided by the SAO/NASA Astrophysics Data System}
}
@ARTICLE{2002ApJ...576L..65M,
       author = {{Momany}, Yazan and {Piotto}, Giampaolo and {Recio-Blanco}, Alejandra and {Bedin}, Luigi R. and {Cassisi}, Santi and {Bono}, Giuseppe},
        title = "{A New Feature along the Extended Blue Horizontal Branch of NGC 6752}",
      journal = {\apjl},
     keywords = {Galaxy: Globular Clusters: Individual: NGC Number: NGC 6752, Stars: Evolution, Stars: Horizontal-Branch, Stars: Low-Mass, Brown Dwarfs, Astrophysics},
         year = 2002,
        month = sep,
       volume = {576},
       number = {1},
        pages = {L65-L68},
          doi = {10.1086/343125},
archivePrefix = {arXiv},
       eprint = {astro-ph/0207580},
 primaryClass = {astro-ph},
       adsurl = {https://ui.adsabs.harvard.edu/abs/2002ApJ...576L..65M},
      adsnote = {Provided by the SAO/NASA Astrophysics Data System}
}
@ARTICLE{2015AJ....149...91P,
       author = {{Piotto}, G. and {Milone}, A.~P. and {Bedin}, L.~R. and {Anderson}, J. and {King}, I.~R. and {Marino}, A.~F. and {Nardiello}, D. and {Aparicio}, A. and {Barbuy}, B. and {Bellini}, A. and {Brown}, T.~M. and {Cassisi}, S. and {Cool}, A.~M. and {Cunial}, A. and {Dalessandro}, E. and {D'Antona}, F. and {Ferraro}, F.~R. and {Hidalgo}, S. and {Lanzoni}, B. and {Monelli}, M. and {Ortolani}, S. and {Renzini}, A. and {Salaris}, M. and {Sarajedini}, A. and {van der Marel}, R.~P. and {Vesperini}, E. and {Zoccali}, M.},
        title = "{The Hubble Space Telescope UV Legacy Survey of Galactic Globular Clusters. I. Overview of the Project and Detection of Multiple Stellar Populations}",
      journal = {\aj},
     keywords = {globular clusters: general, Hertzsprung{\textendash}Russell and C{\textendash}M diagrams, proper motions, stars: Population II, Astrophysics - Solar and Stellar Astrophysics},
         year = 2015,
        month = mar,
       volume = {149},
       number = {3},
          eid = {91},
        pages = {91},
          doi = {10.1088/0004-6256/149/3/91},
archivePrefix = {arXiv},
       eprint = {1410.4564},
 primaryClass = {astro-ph.SR},
       adsurl = {https://ui.adsabs.harvard.edu/abs/2015AJ....149...91P},
      adsnote = {Provided by the SAO/NASA Astrophysics Data System}
}
@ARTICLE{2018MNRAS.481.3382N,
       author = {{Nardiello}, D. and {Libralato}, M. and {Piotto}, G. and {Anderson}, J. and {Bellini}, A. and {Aparicio}, A. and {Bedin}, L.~R. and {Cassisi}, S. and {Granata}, V. and {King}, I.~R. and {Lucertini}, F. and {Marino}, A.~F. and {Milone}, A.~P. and {Ortolani}, S. and {Platais}, I. and {van der Marel}, R.~P.},
        title = "{The Hubble Space Telescope UV Legacy Survey of Galactic Globular Clusters - XVII. Public Catalogue Release}",
      journal = {\mnras},
     keywords = {techniques: photometric, catalogues, Hertzsprung-Russell and colour-magnitude diagrams, stars: Population II, globular clusters: general, Astrophysics - Solar and Stellar Astrophysics, Astrophysics - Astrophysics of Galaxies, Astrophysics - Instrumentation and Methods for Astrophysics},
         year = 2018,
        month = dec,
       volume = {481},
       number = {3},
        pages = {3382-3393},
          doi = {10.1093/mnras/sty2515},
archivePrefix = {arXiv},
       eprint = {1809.04300},
 primaryClass = {astro-ph.SR},
       adsurl = {https://ui.adsabs.harvard.edu/abs/2018MNRAS.481.3382N},
      adsnote = {Provided by the SAO/NASA Astrophysics Data System}
}
@ARTICLE{2017ApJ...842....6B,
       author = {{Bellini}, A. and {Anderson}, J. and {Bedin}, L.~R. and {King}, I.~R. and {van der Marel}, R.~P. and {Piotto}, G. and {Cool}, A.},
        title = "{The State-of-the-art HST Astro-photometric Analysis of the Core of {\ensuremath{\omega}} Centauri. I. The Catalog}",
      journal = {\apj},
     keywords = {globular clusters: individual: NGC 5139, Hertzsprung{\textendash}Russell and C{\textendash}M diagrams, proper motions, stars: Population II, techniques: photometric, Astrophysics - Solar and Stellar Astrophysics, Astrophysics - Astrophysics of Galaxies, Astrophysics - Instrumentation and Methods for Astrophysics},
         year = 2017,
        month = jun,
       volume = {842},
       number = {1},
          eid = {6},
        pages = {6},
          doi = {10.3847/1538-4357/aa7059},
archivePrefix = {arXiv},
       eprint = {1704.07425},
 primaryClass = {astro-ph.SR},
       adsurl = {https://ui.adsabs.harvard.edu/abs/2017ApJ...842....6B},
      adsnote = {Provided by the SAO/NASA Astrophysics Data System}
}
@ARTICLE{2010ApJ...710.1032A,
       author = {{Anderson}, Jay and {van der Marel}, Roeland P.},
        title = "{New Limits on an Intermediate-Mass Black Hole in Omega Centauri. I. Hubble Space Telescope Photometry and Proper Motions}",
      journal = {\apj},
     keywords = {catalogs, globular clusters: general, globular clusters: individual: Omega Cen, stars: kinematics and dynamics, techniques: image processing, techniques: photometric, Astrophysics - Galaxy Astrophysics, Astrophysics - Solar and Stellar Astrophysics},
         year = 2010,
        month = feb,
       volume = {710},
       number = {2},
        pages = {1032-1062},
          doi = {10.1088/0004-637X/710/2/1032},
archivePrefix = {arXiv},
       eprint = {0905.0627},
 primaryClass = {astro-ph.GA},
       adsurl = {https://ui.adsabs.harvard.edu/abs/2010ApJ...710.1032A},
      adsnote = {Provided by the SAO/NASA Astrophysics Data System}
}
@ARTICLE{2018MNRAS.473.5591K,
       author = {{Kamann}, S. and {Husser}, T. -O. and {Dreizler}, S. and {Emsellem}, E. and {Weilbacher}, P.~M. and {Martens}, S. and {Bacon}, R. and {den Brok}, M. and {Giesers}, B. and {Krajnovi{\'c}}, D. and {Roth}, M.~M. and {Wendt}, M. and {Wisotzki}, L.},
        title = "{A stellar census in globular clusters with MUSE: The contribution of rotation to cluster dynamics studied with 200 000 stars}",
      journal = {\mnras},
     keywords = {techniques: imaging spectroscopy, stars: kinematics and dynamics, globular clusters: general, Astrophysics - Astrophysics of Galaxies},
         year = 2018,
        month = feb,
       volume = {473},
       number = {4},
        pages = {5591-5616},
          doi = {10.1093/mnras/stx2719},
archivePrefix = {arXiv},
       eprint = {1710.07257},
 primaryClass = {astro-ph.GA},
       adsurl = {https://ui.adsabs.harvard.edu/abs/2018MNRAS.473.5591K},
      adsnote = {Provided by the SAO/NASA Astrophysics Data System}
}
@ARTICLE{2013A&A...549A..71K,
       author = {{Kamann}, S. and {Wisotzki}, L. and {Roth}, M.~M.},
        title = "{Resolving stellar populations with crowded field 3D spectroscopy}",
      journal = {\aap},
     keywords = {methods: data analysis, techniques: imaging spectroscopy, globular clusters: general, Astrophysics - Instrumentation and Methods for Astrophysics, Astrophysics - Astrophysics of Galaxies},
         year = 2013,
        month = jan,
       volume = {549},
          eid = {A71},
        pages = {A71},
          doi = {10.1051/0004-6361/201220476},
archivePrefix = {arXiv},
       eprint = {1211.0445},
 primaryClass = {astro-ph.IM},
       adsurl = {https://ui.adsabs.harvard.edu/abs/2013A&A...549A..71K},
      adsnote = {Provided by the SAO/NASA Astrophysics Data System}
}
@ARTICLE{2013A&A...553A...6H,
       author = {{Husser}, T. -O. and {Wende-von Berg}, S. and {Dreizler}, S. and {Homeier}, D. and {Reiners}, A. and {Barman}, T. and {Hauschildt}, P.~H.},
        title = "{A new extensive library of PHOENIX stellar atmospheres and synthetic spectra}",
      journal = {\aap},
     keywords = {stars: atmospheres, convection, stars: late-type, Astrophysics - Solar and Stellar Astrophysics},
         year = 2013,
        month = may,
       volume = {553},
          eid = {A6},
        pages = {A6},
          doi = {10.1051/0004-6361/201219058},
archivePrefix = {arXiv},
       eprint = {1303.5632},
 primaryClass = {astro-ph.SR},
       adsurl = {https://ui.adsabs.harvard.edu/abs/2013A&A...553A...6H},
      adsnote = {Provided by the SAO/NASA Astrophysics Data System}
}
@ARTICLE{2006A&A...445.1099P,
       author = {{Przybilla}, N. and {Butler}, K. and {Becker}, S.~R. and {Kudritzki}, R.~P.},
        title = "{Quantitative spectroscopy of BA-type supergiants}",
      journal = {\aap},
     keywords = {stars: supergiants, stars: early-type, stars: atmospheres, stars: fundamental parameters, stars:, abundances, stars: evolution, Astrophysics},
         year = 2006,
        month = jan,
       volume = {445},
       number = {3},
        pages = {1099-1126},
          doi = {10.1051/0004-6361:20053832},
archivePrefix = {arXiv},
       eprint = {astro-ph/0509669},
 primaryClass = {astro-ph},
       adsurl = {https://ui.adsabs.harvard.edu/abs/2006A&A...445.1099P},
      adsnote = {Provided by the SAO/NASA Astrophysics Data System}
}
@ARTICLE{2007A&A...467..295N,
       author = {{Nieva}, M.~F. and {Przybilla}, N.},
        title = "{Hydrogen and helium line formation in OB dwarfs and giants. A hybrid non-LTE approach}",
      journal = {\aap},
     keywords = {line: formation, line: profiles, stars: atmospheres, stars: early-type, stars: fundamental parameters, Astrophysics},
         year = 2007,
        month = may,
       volume = {467},
       number = {1},
        pages = {295-309},
          doi = {10.1051/0004-6361:20065757},
archivePrefix = {arXiv},
       eprint = {astro-ph/0608117},
 primaryClass = {astro-ph},
       adsurl = {https://ui.adsabs.harvard.edu/abs/2007A&A...467..295N},
      adsnote = {Provided by the SAO/NASA Astrophysics Data System}
}
@INPROCEEDINGS{1996ASPC..108....2K,
       author = {{Kurucz}, R.~L.},
        title = "{Model Stellar Atmospheres and Real Stellar Atmospheres}",
    booktitle = {M.A.S.S., Model Atmospheres and Spectrum Synthesis},
         year = 1996,
       editor = {{Adelman}, Saul J. and {Kupka}, Friedrich and {Weiss}, Warner W.},
       series = {Astronomical Society of the Pacific Conference Series},
       volume = {108},
        month = jan,
        pages = {2},
       adsurl = {https://ui.adsabs.harvard.edu/abs/1996ASPC..108....2K},
      adsnote = {Provided by the SAO/NASA Astrophysics Data System}
}
@PHDTHESIS{1981PhDT.......111G,
       author = {{Giddings}, J.~R.},
        title = "{Quantum Particles in Kerr-Newman Fields}",
     keywords = {KERR-NEWMAN GEOMETRY, KILLING AND KILLING-YANO TENSORS, FIELDS THEORY, KLEIN-GORDON EQUATION, DIRAC EQUATION, QUANTUM MECHANICS, SCATTERING, ABSORPTION, SUPERRADIATION, PARTICLES GENERATION, BOUND STATES, FINE STRUCTURE},
       school = {Moscow State University, Russia},
         year = 1981,
        month = jan,
       adsurl = {https://ui.adsabs.harvard.edu/abs/1981PhDT.......111G},
      adsnote = {Provided by the SAO/NASA Astrophysics Data System}
}